@misc{alain2016understanding,
  title={Understanding intermediate layers using linear classifier probes},
  author={Alain, Guillaume and Bengio, Yoshua},
  year={2016},
  eprint={1610.01644},
  archivePrefix={arXiv},
  primaryClass={cs.LG}
}

@misc{bereska2024mechanistic,
  title={Mechanistic Interpretability for AI Safety --- A Review},
  author={Bereska, Leonard and Gavves, Efstratios},
  year={2024},
  eprint={2404.14082},
  archivePrefix={arXiv},
  primaryClass={cs.AI}
}

@misc{chen2024designing,
  title={Designing a Dashboard for Transparency and Control of Conversational AI},
  author={Chen, Yida and Wu, Aoyu and DePodesta, Trevor and Yeh, Catherine and Li, Kenneth and Castillo Marin, Nicholas and Patel, Oam and Riecke, Jan and Raval, Shivam and Seow, Olivia and Wattenberg, Martin and Vi√©gas, Fernanda},
  year={2024},
  eprint={2406.07882},
  archivePrefix={arXiv},
  primaryClass={cs.HC}
}

@misc{zou2023representation,
  title={Representation Engineering: A Top-Down Approach to AI Transparency},
  author={Zou, Andy and Phan, Long and Chen, Sarah and Campbell, James and Guo, Phillip and Ren, Richard and Pan, Alexander and Yin, Xuwang and Mazeika, Mantas and Dombrowski, Ann-Kathrin and Goel, Shashwat and Li, Nathaniel and Byun, Michael J. and Wang, Zifan and Mallen, Alex and Basart, Steven and Koyejo, Sanmi and Song, Dawn and Fredrikson, Matt and Kolter, J. Zico and Hendrycks, Dan},
  year={2023},
  eprint={2310.01405},
  archivePrefix={arXiv},
  primaryClass={cs.LG}
}

@book{rogers1951client,
  title={Client-Centered Therapy: Its Current Practice, Implications, and Theory},
  author={Rogers, Carl R.},
  year={1951},
  publisher={Houghton Mifflin},
  address={Boston}
}
